@book{BornDigital,
  title={Born Digital: Understanding the First Generation of Digital Natives},
  author={Palfrey, J. and Gasser, U.},
  isbn={9781458725448},
  url={https://books.google.de/books?id=wWTI-DbeA7gC},
  year={2011},
  publisher={Read How You Want}
},
@book{book_key,
  title={A book about a great thing},
  author={Person, A. and Person, B.},
  isbn={9781458725448},
  url={github.com/PIX3LFLUX/HSK-Latex-Skript-Template},
  year={2022},
  publisher={A Publsher}
},
@article{article_key,
  title={A great article about a great thing},
  author={Person, A. and Person, B.},
  year={2022},
  number={1},
  volume={1},
  journal={a Journal}
}
@article{einstein,
    author =       "Albert Einstein",
    title =        "{Zur Elektrodynamik bewegter K{\"o}rper}. ({German})
    [{On} the electrodynamics of moving bodies]",
    journal =      "Annalen der Physik",
    volume =       "322",
    number =       "10",
    pages =        "891--921",
    year =         "1905",
    DOI =          "http://dx.doi.org/10.1002/andp.19053221004",
    keywords =     "physics"
}
@online{sdlwebsite,
    author    = "SDL Foundation",
    title     = "SDL Library",
    url       = "https://www.libsdl.org/",
    keywords  = "SDL"
}

@online{emscriptenwebsite,
    author    = "Emscripten Authors",
    title     = "Emscripten",
    url       = "https://www.emscripten.org//",
    keywords  = "Emscripten"
}
@online{emscriptendownload,
    author    = "Emscripten Authors",
    title     = "Emscripten Install and Download",
    url       = "https://emscripten.org/docs/getting_started/downloads.html",
    keywords  = "Emscripten, Download"
}
@online{caniusewasm,
    author    = "Alexis Deveria",
    title     = "Can I Use - WASM",
    url       = "https://caniuse.com/wasm",
    keywords  = "Can I Use?"
}
@online{SiemensKern,
    author    = "Siemens AG",
    title     = "Siemens AG - Unternehmensstruktur",
    url       = "https://new.siemens.com/de/de/unternehmen/konzern/unternehmensstruktur.html",
    keywords  = "Siemens, unternehmensstruktur"
}
@online{DIBranches,
    author    = "Siemens AG",
    title     = "Digital Industries",
    url       = "https://new.siemens.com/de/de/unternehmen/konzern/unternehmensstruktur/digital-industries.html",
    keywords  = "Siemens, unternehmensstruktur"
}
@online{SCALANCE,
    author    = "Siemens AG",
    title     = "SCALANCE",
    url       = "https://new.siemens.com/de/de/produkte/automatisierung/industrielle-kommunikation/scalance.html",
    keywords  = "SCALANCE"
}
@online{SCALANCEM,
    author    = "Siemens AG",
    title     = "SCALANCE M",
    url       = "https://new.siemens.com/de/de/produkte/automatisierung/industrielle-kommunikation/industrial-remote-communication/remote-networks/scalance-m-industrie-router-ip-basierte-netze.html",
    keywords  = "SCALANCE"
}
@online{SCALANCEW,
    author    = "Siemens AG",
    title     = "SCALANCE W",
    url       = "https://new.siemens.com/de/de/produkte/automatisierung/industrielle-kommunikation/industrial-wireless-lan.html",
    keywords  = "SCALANCE"
}
@online{SCALANCES615,
    author    = "Siemens AG",
    title     = "SCALANCE S615",
    url       = "https://new.siemens.com/de/de/produkte/automatisierung/industrielle-kommunikation/industrial-ethernet/netzwerksicherheit/scalance-s.html",
    keywords  = "SCALANCE"
}
@online{SCALANCEMUM,
    author    = "Siemens AG",
    title     = "SCALANCE MUM - 5G",
    url       = "https://new.siemens.com/de/de/produkte/automatisierung/industrielle-kommunikation/industrial-5g/5g-router-scalance-mum.html",
    keywords  = "SCALANCE"
}

